<?xml version="1.0" encoding="UTF-8"?><collection xmlns="http://www.loc.gov/MARC21/slim"><record><leader>00502nam--2200193-i-4500</leader><controlfield tag="001">000043760</controlfield><controlfield tag="002">20161230</controlfield><controlfield tag="005">20161230201044</controlfield><controlfield tag="008">060222s1000------------r-----000-0-eng-d</controlfield><datafield ind1=" " ind2=" " tag="020"><subfield code="a">0850860474</subfield></datafield><datafield ind1=" " ind2=" " tag="040"><subfield code="a">IFIN-HH</subfield></datafield><datafield ind1=" " ind2=" " tag="080"><subfield code="a">537.312.6</subfield></datafield><datafield ind1="1" ind2=" " tag="100"><subfield code="a">Parrott, J.E</subfield></datafield><datafield ind1="1" ind2="0" tag="245"><subfield code="a">Thermal conductivity of solids</subfield><subfield code="c">J.e. parrot; audrey d. stuckes</subfield></datafield><datafield ind1=" " ind2=" " tag="260"><subfield code="a">London</subfield><subfield code="b">Pion Limited</subfield><subfield code="c">1975</subfield></datafield><datafield ind1=" " ind2=" " tag="300"><subfield code="a">157P</subfield></datafield><datafield ind1="1" ind2=" " tag="700"><subfield code="a">Struckes, Audrey D</subfield></datafield><datafield ind1=" " ind2=" " tag="852"><subfield code="a">77363</subfield><subfield code="c">537:538</subfield></datafield><datafield ind1=" " ind2=" " tag="CAT"><subfield code="a">Sys</subfield><subfield code="c">20110629</subfield><subfield code="h">135815</subfield></datafield></record></collection>